@article{chengroup,
  title={Group Theory and the Rubikâ€™s Cube},
  author={Chen, Janet},
  year={2004}
}
@article{Magic,
	author = {David Singmaster},
    title  = {Notes on Rubiks Magic Cube},
    year   = {1981}
}
@article{History,
	author = {Rubiks Cube Brand Limited},
    title  = {The History of the Rubiks Cube},
    year   = {2017},
    url = {https://uk.rubiks.com/about/the-history-of-the-rubiks-cube}
}

@article{History2,
	author = {Harry Wallop - Telegraph},
    title  = {Rubiks Cube Invention},
    year   = {2014},
    url = {http://www.telegraph.co.uk/technology/google/10840482/Rubiks-cube-invention-40-years-old-and-never-meant-to-be-a-toy.html}
}
@Online{Record,
    title  = {Rubiks Cube World Records},
    year   = {2017},
    url = {http://www.recordholders.org/en/list/rubik.html}
}
@Online{Commutators,
	author = {RedKB},
    title  = {Commutators - Cube Theory 101},
    year   = {2017},
    url = {https://www.youtube.com/watch?v=7LTCEyrQk44}
}

@Online{Thistlethwaite,
	author = {Morwen Thistlethwaite},
    title  = {The Thistlethwaite algorithm},
    year   = {1981},
    url = {https://www.jaapsch.net/puzzles/thistle.htm}
}
@Online{Schreier,
	author = {Jaap},
    title  = {Computational Group Theory},
    year   = {1981},
    url = {https://www.jaapsch.net/puzzles/schreier.htm}
}
@Online{PermGroups,
	author = {Wolfram},
    title  = {Permutation Groups},
    year   = {2018},
    url = {http://reference.wolfram.com/language/tutorial/PermutationGroups.html}
}


@Online{OrbStab,
	author = {Alexander Hulpke},
    title  = {Computational Group Theory},
    year   = {2018},
    url = {http://www.math.colostate.edu/~hulpke/talks/CR/CR1.pdf}
}
@Online{Wreath,
	author = {Encyclopedia of Mathematics},
    title  = {Wreath Products},
    year   = {2014},
    url = {http://www.encyclopediaofmath.org/index.php?title=Wreath_product&oldid=35297}
}
